<record><leader>00000cas a22000007a 4500</leader><controlfield tag="001">11111626</controlfield><controlfield tag="008">840831d19141915mtudr ne      0    0eng d</controlfield><datafield ind1=" " ind2=" " tag="010"><subfield code="a">sn 84036167 </subfield></datafield><datafield ind1=" " ind2=" " tag="040"><subfield code="a">MTL</subfield><subfield code="b">eng</subfield><subfield code="c">MTL</subfield><subfield code="d">MTG</subfield><subfield code="d">OCLCQ</subfield><subfield code="d">OCLCF</subfield><subfield code="d">OCLCO</subfield></datafield><datafield ind1=" " ind2=" " tag="042"><subfield code="a">msc</subfield></datafield><datafield ind1=" " ind2=" " tag="043"><subfield code="a">n-us-mt</subfield></datafield><datafield ind1="0" ind2="0" tag="245"><subfield code="a">Billings daily tribune.</subfield></datafield><datafield ind1=" " ind2=" " tag="260"><subfield code="a">Billings, Mont. :</subfield><subfield code="b">Tribune Print. Co.,</subfield><subfield code="c">1914-1915.</subfield></datafield><datafield ind1=" " ind2=" " tag="300"><subfield code="a">1 v. :</subfield><subfield code="b">ill.</subfield></datafield><datafield ind1=" " ind2=" " tag="310"><subfield code="a">Daily</subfield></datafield><datafield ind1="0" ind2=" " tag="362"><subfield code="a">Vol. 1, no. 1 (July 12, 1914)-v. 1, no. 332 (June 16, 1915).</subfield></datafield><datafield ind1=" " ind2=" " tag="500"><subfield code="a">"Official county paper."</subfield></datafield><datafield ind1=" " ind2="0" tag="651"><subfield code="a">Billings (Mont.)</subfield><subfield code="v">Periodicals.</subfield></datafield><datafield ind1=" " ind2="7" tag="655"><subfield code="a">Periodicals.</subfield><subfield code="2">fast</subfield><subfield code="0">(OCoLC)fst01411641</subfield></datafield><datafield ind1=" " ind2="7" tag="651"><subfield code="a">Montana</subfield><subfield code="z">Billings.</subfield><subfield code="2">fast</subfield><subfield code="0">(OCoLC)fst01207428</subfield></datafield><datafield ind1=" " ind2=" " tag="752"><subfield code="a">United States</subfield><subfield code="b">Montana</subfield><subfield code="c">Yellowstone</subfield><subfield code="d">Billings.</subfield></datafield><datafield ind1="0" ind2="0" tag="780"><subfield code="t">Sentinel (Billings, Mont.)</subfield><subfield code="w">(DLC)sn 84036166</subfield></datafield><datafield ind1="0" ind2="7" tag="785"><subfield code="t">Billings evening journal (Billings, Mont. : 1908)</subfield><subfield code="w">(DLC)sn 84036169</subfield></datafield><datafield ind1="0" ind2="7" tag="785"><subfield code="t">Billings evening journal-tribune</subfield><subfield code="w">(DLC)sn 84036170</subfield></datafield></record>